%% This BibTeX bibliography file was created using BibDesk.
%% http://bibdesk.sourceforge.net/


%% Created for Lauro Cesar Araujo at 2015-04-27 19:43:45 -0300 


%% Saved with string encoding Unicode (UTF-8) 

@manual{bbs_random,
title = {Blum-Blum-Shub cryptosystem and generator},
author= {Liljana Babinkostova},
url = {http://diamond.boisestate.edu/~liljanab/ISAS/course_materials/BlumBlumShub.pdf},
urlaccessdate = {14 abril 2017},
year = {2011}}

@manual{lgc_random,
title = {Geradores de Números Aleatórios},
author= {Carlos Eduardo Costa Vieira and Celso Carneiro Ribeiro and Reinaldo de Castro Souza},
url = {ftp://ftp.inf.puc-rio.br/pub/docs/techreports/04_22_vieira.pdf},
urlaccessdate = {14 abril 2017},
year = {2004}}

@manual{pm_random,
title = {Lehmer random number generator},
url = {https://en.wikipedia.org/wiki/Lehmer_random_number_generator},
urlaccessdate = {14 abril 2017},
year = {2018}}
