%% This BibTeX bibliography file was created using BibDesk.
%% http://bibdesk.sourceforge.net/


%% Created for Lauro Cesar Araujo at 2015-04-27 19:43:45 -0300 


%% Saved with string encoding Unicode (UTF-8) 

@manual{ibm-pem-der,
author = {IBM},
title = {Formatos de Certificado e de Chave},
url = {https://www.ibm.com/support/knowledgecenter/pt-br/SSRMWJ_6.0.0.3/com.ibm.itim_pim.doc/wadpwdsync/install_config/c_pwd_sslcfg_cert_key_formats.htm},
urlaccessdate = {26 maio 2018},
year = {2018}}

@manual{smime-wiki,
author = {Wikipedia},
title = {S/MIME},
url = {https://en.wikipedia.org/wiki/S/MIME},
urlaccessdate = {26 maio 2018},
year = {2018}}

