%% This BibTeX bibliography file was created using BibDesk.
%% http://bibdesk.sourceforge.net/


%% Created for Lauro Cesar Araujo at 2015-04-27 19:43:45 -0300 


%% Saved with string encoding Unicode (UTF-8) 

@manual{GnuPrivacyGuardHowto,
	Date-Modified = {2017-09-06 19:29:00 +0000},
	Title = {GnuPrivacyGuardHowto},
	Url = {https://help.ubuntu.com/community/GnuPrivacyGuardHowto},
	Urlaccessdate = {12 mar. 2017},
	Year = {2017}}
