%% This BibTeX bibliography file was created using BibDesk.
%% http://bibdesk.sourceforge.net/


%% Created for Lauro Cesar Araujo at 2015-04-27 19:43:45 -0300 


%% Saved with string encoding Unicode (UTF-8) 

@manual{miller_rabin_wiki,
author = {Wikipedia},
title = {Miller–Rabin primality test},
url = {https://en.wikipedia.org/wiki/Miller%E2%80%93Rabin_primality_test},
urlaccessdate = {29 abril 2018}}

@manual{miller_rabin_gfg,
title = {Primality Test | Set 3 (Miller–Rabin)},
author= {GeeksforGeeks},
url = {https://www.geeksforgeeks.org/primality-test-set-3-miller-rabin/},
urlaccessdate = {29 abril 2018}}

@book{Stallings:2013:CNS:2523199,
 author = {Stallings, William},
 title = {Cryptography and Network Security: Principles and Practice},
 year = {2013},
 isbn = {0133354695, 9780133354690},
 edition = {6th},
 publisher = {Prentice Hall Press},
 address = {Upper Saddle River, NJ, USA},
} 

@manual{fermat_wiki,
author = {Wikipedia},
title = {Fermat primality test},
url = {https://en.wikipedia.org/wiki/Fermat_primality_test},
urlaccessdate = {29 abril 2018}}
