%% This BibTeX bibliography file was created using BibDesk.
%% http://bibdesk.sourceforge.net/


%% Created for Lauro Cesar Araujo at 2015-04-27 19:43:45 -0300 


%% Saved with string encoding Unicode (UTF-8) 

@book{Stallings:2005:CNS:1076613,
 author = {Stallings, William},
 title = {Cryptography and Network Security (4th Edition)},
 year = {2005},
 isbn = {0131873164},
 publisher = {Prentice-Hall, Inc.},
 address = {Upper Saddle River, NJ, USA},
} 

@book{Stallings:2010:CNS:1824151,
 author = {Stallings, William},
 title = {Cryptography and Network Security: Principles and Practice},
 year = {2010},
 isbn = {0136097049, 9780136097044},
 edition = {5th},
 publisher = {Prentice Hall Press},
 address = {Upper Saddle River, NJ, USA},
} 

https://wiki.debian.org/Subkeys