%% This BibTeX bibliography file was created using BibDesk.
%% http://bibdesk.sourceforge.net/


%% Created for Lauro Cesar Araujo at 2015-04-27 19:43:45 -0300 


%% Saved with string encoding Unicode (UTF-8) 

@manual{cryptlib,
        Title = {cryptlib},
        Url = {https://www.cs.auckland.ac.nz/~pgut001/cryptlib/},
        Urlaccessdate = {30 mar. 2018},
        Year = {1995}}

@manual{cryptlib_manual,
        Title = {cryptlib manual - Security Toolkit - Version 3.4.4},
        Url = {ftp://ftp.franken.de/pub/crypt/cryptlib/manual.pdf},
        Urlaccessdate = {30 mar. 2018},
        Year = {1995}}

@manual{cryptopp,
        Title = {Crypto++ Library},
        Url = {https://www.cryptopp.com/},
        Urlaccessdate = {30 mar. 2018},
        Year = {1995}}

@manual{cryptopp_doc,
        Title = {Crypto++ Library Documentation},
        Url = {https://www.cryptopp.com/docs/ref/index.html/},
        Urlaccessdate = {30 mar. 2018},
        Year = {1995}}

